<record><leader>00000cas a22000007i 4500</leader><controlfield tag="001">707099581</controlfield><controlfield tag="008">110314c20119999ctudr ne      0    0eng d</controlfield><datafield ind1=" " ind2=" " tag="010"><subfield code="a">  2014218246</subfield></datafield><datafield ind1=" " ind2=" " tag="040"><subfield code="a">CZL</subfield><subfield code="b">eng</subfield><subfield code="e">rda</subfield><subfield code="c">CZL</subfield><subfield code="d">DLC</subfield><subfield code="d">OCLCF</subfield><subfield code="d">DLC</subfield><subfield code="d">COO</subfield><subfield code="d">OCLCQ</subfield><subfield code="d">CZL</subfield></datafield><datafield ind1=" " ind2=" " tag="042"><subfield code="a">msc</subfield></datafield><datafield ind1=" " ind2=" " tag="043"><subfield code="a">n-us-ct</subfield></datafield><datafield ind1=" " ind2="4" tag="050"><subfield code="a">AN104 .N93</subfield><subfield code="b">B95</subfield></datafield><datafield ind1="0" ind2=" " tag="130"><subfield code="a">Bulletin (Norwich, Conn.)</subfield></datafield><datafield ind1="1" ind2="4" tag="245"><subfield code="a">The bulletin.</subfield></datafield><datafield ind1="1" ind2=" " tag="246"><subfield code="i">Sunday issues have title:</subfield><subfield code="a">Sunday bulletin.</subfield></datafield><datafield ind1=" " ind2="1" tag="264"><subfield code="a">Norwich, Conn. :</subfield><subfield code="b">GateHouse Media New England,</subfield><subfield code="c">[2011]-</subfield></datafield><datafield ind1=" " ind2="4" tag="264"><subfield code="c">&#169;2011-</subfield></datafield><datafield ind1=" " ind2=" " tag="300"><subfield code="a">volumes :</subfield><subfield code="b">illustrations (some color)</subfield></datafield><datafield ind1=" " ind2=" " tag="336"><subfield code="a">text</subfield><subfield code="b">txt</subfield><subfield code="2">rdacontent</subfield></datafield><datafield ind1=" " ind2=" " tag="337"><subfield code="a">unmediated</subfield><subfield code="b">n</subfield><subfield code="2">rdamedia</subfield></datafield><datafield ind1=" " ind2=" " tag="338"><subfield code="a">volume</subfield><subfield code="b">nc</subfield><subfield code="2">rdacarrier</subfield></datafield><datafield ind1="1" ind2=" " tag="362"><subfield code="a">Began with vol. 151, issue 60 (Mar. 1, 2011).</subfield></datafield><datafield ind1=" " ind2=" " tag="500"><subfield code="a">Issued in Northeast and Southeast edition.</subfield></datafield><datafield ind1=" " ind2=" " tag="500"><subfield code="a">Norwich magazine inserted into Bulletin issue once a month.</subfield></datafield><datafield ind1=" " ind2=" " tag="588"><subfield code="a">Description based: Vol. 151, issue 60 (Mar. 1, 2011).</subfield></datafield><datafield ind1=" " ind2=" " tag="588"><subfield code="a">Latest issue consulted: Vol. 151, issue 61 (Mar. 2, 2011).</subfield></datafield><datafield ind1=" " ind2="0" tag="651"><subfield code="a">Norwich (Conn.)</subfield><subfield code="v">Newspapers.</subfield></datafield><datafield ind1=" " ind2="0" tag="651"><subfield code="a">New London County (Conn.)</subfield><subfield code="v">Newspapers.</subfield></datafield><datafield ind1=" " ind2="0" tag="651"><subfield code="a">Windham County (Conn.)</subfield><subfield code="v">Newspapers.</subfield></datafield><datafield ind1=" " ind2="7" tag="651"><subfield code="a">Connecticut</subfield><subfield code="z">New London County.</subfield><subfield code="2">fast</subfield><subfield code="0">(OCoLC)fst01221053</subfield></datafield><datafield ind1=" " ind2="7" tag="651"><subfield code="a">Connecticut</subfield><subfield code="z">Norwich.</subfield><subfield code="2">fast</subfield><subfield code="0">(OCoLC)fst01216259</subfield></datafield><datafield ind1=" " ind2="7" tag="651"><subfield code="a">Connecticut</subfield><subfield code="z">Windham County.</subfield><subfield code="2">fast</subfield><subfield code="0">(OCoLC)fst01212082</subfield></datafield><datafield ind1=" " ind2="7" tag="655"><subfield code="a">Newspapers.</subfield><subfield code="2">fast</subfield><subfield code="0">(OCoLC)fst01423814</subfield></datafield><datafield ind1=" " ind2=" " tag="752"><subfield code="a">United States</subfield><subfield code="b">Connecticut</subfield><subfield code="c">New London</subfield><subfield code="d">Norwich.</subfield></datafield><datafield ind1="0" ind2="0" tag="780"><subfield code="t">Norwich bulletin (Norwich, Conn.)</subfield><subfield code="x">2377-5866</subfield><subfield code="w">(DLC)sn 82014086</subfield><subfield code="w">(OCoLC)8766538</subfield></datafield><datafield ind1="0" ind2=" " tag="787"><subfield code="a">Norwich magazine (Norwich, Conn.)</subfield><subfield code="w">(OCoLC)810936545</subfield></datafield></record>